<record xmlns="http://www.openarchives.org/OAI/2.0/" xmlns:xsi="http://www.w3.org/2001/XMLSchema-instance"><header><identifier>oai:alma.34CSIC_INST:990012208950204201</identifier><datestamp>2020-02-06T08:41:03Z</datestamp><setSpec>manuscripta</setSpec></header><metadata><record xmlns="http://www.loc.gov/MARC21/slim" xmlns:xsi="http://www.w3.org/2001/XMLSchema-instance" xsi:schemaLocation="http://www.loc.gov/MARC21/slim http://www.loc.gov/standards/marcxml/schema/MARC21slim.xsd"><leader>03440ntm a2200493 i 4500</leader><controlfield tag="005">20181031100335.0</controlfield><controlfield tag="008">100129s1830                  000 0 heb d</controlfield><controlfield tag="001">990012208950204201</controlfield><datafield tag="035" ind1=" " ind2=" "><subfield code="a">CSIC001220895</subfield></datafield><datafield tag="035" ind1=" " ind2=" "><subfield code="a">(ES-MaCSI)001220895MAD01-Aleph</subfield></datafield><datafield tag="035" ind1=" " ind2=" "><subfield code="a">(OCoLC)1123858446
</subfield></datafield><datafield tag="040" ind1=" " ind2=" "><subfield code="a">ES-MaCSI</subfield><subfield code="b">spa</subfield></datafield><datafield tag="080" ind1=" " ind2=" "><subfield code="a">091(=411.16)</subfield></datafield><datafield tag="080" ind1=" " ind2=" "><subfield code="a">26-587</subfield></datafield><datafield tag="100" ind1="0" ind2=" "><subfield code="a">Hayyim b. Yosef Vital</subfield></datafield><datafield tag="245" ind1="1" ind2="0"><subfield code="a">עץ החיים ר חיים וויטאל</subfield><subfield code="h">[Manuscrito]</subfield></datafield><datafield tag="260" ind1=" " ind2=" "><subfield code="a">[S.l.],</subfield><subfield code="c">1830.</subfield></datafield><datafield tag="300" ind1=" " ind2=" "><subfield code="a">229 f. (29-30 lín.) ;</subfield><subfield code="c">20,8 x 15,5 cm.</subfield></datafield><datafield tag="490" ind1="0" ind2=" "><subfield code="a">Manuscripta</subfield></datafield><datafield tag="500" ind1=" " ind2=" "><subfield code="a">Título transliterado: Etz ha-hayyim</subfield></datafield><datafield tag="500" ind1=" " ind2=" "><subfield code="a">Distribución línea tirada, 29-31 lín.</subfield></datafield><datafield tag="500" ind1=" " ind2=" "><subfield code="a">Papel</subfield></datafield><datafield tag="500" ind1=" " ind2=" "><subfield code="a">Explicit: זה תעיד עולם עם האדם</subfield></datafield><datafield tag="500" ind1=" " ind2=" "><subfield code="a">Lugar de escritura: Desconocido</subfield></datafield><datafield tag="500" ind1=" " ind2=" "><subfield code="a">Copista: Desconocido (2 copistas)</subfield></datafield><datafield tag="500" ind1=" " ind2=" "><subfield code="a">Características especiales: Texto dispuesto en forma de triángulo invertido en el f. 8r de la primera foliación, f. 16r de la segunda foliación, f. 140r y 169v de la tercera foliación. Esporádicamente, texto dispuesto al margen en forma de comentario. Secciones ordenadas en Shearim (שערים) y capítulos (פרקים), introducidos por títulos en letra cuadrada de mayor tamaño.</subfield></datafield><datafield tag="500" ind1=" " ind2=" "><subfield code="a">Cuaderno de composición irregular, primer cuad. de 11 f., último cuad. de 18 f.</subfield></datafield><datafield tag="500" ind1=" " ind2=" "><subfield code="a">Buen estado de conservación</subfield></datafield><datafield tag="500" ind1=" " ind2=" "><subfield code="a">H en blanco: [3] f. iniciales, de guarda, 8v, 9v y 10-16 de la primera foliación, 192-195 de la tercera foliación, [1] f. finales, de guarda.</subfield></datafield><datafield tag="500" ind1=" " ind2=" "><subfield code="a">Foliación original a tinta con números hebreos. La primera foliación va del f. 1 al 16, la segunda foliación va del f. 1 (=17) al 16 (=32); la tercera foliación del f. 1 (=33) al 195 (=227). Tercera foliación equivocada: bis del f. 47, salto del f. 74 al 76, del f. 124 al 126, del f. 139 al 141, [6] f. sin foliar entre los f. 35-36.</subfield></datafield><datafield tag="500" ind1=" " ind2=" "><subfield code="a">Reclamos en cada pág.</subfield></datafield><datafield tag="500" ind1=" " ind2=" "><subfield code="a">Filigrana</subfield></datafield><datafield tag="500" ind1=" " ind2=" "><subfield code="a">Signatura antigua: CVI-M/111</subfield></datafield><datafield tag="505" ind1="0" ind2="0"><subfield code="a">Primera introducción 1r-3v. -- Segunda introducción 3v-5v. -- Tercera introducción 5v. -- Cuarta introducción 5v-8r. -- Notas sobre las partes de la obra 9r. -- Shearim (שערים) del Etz ha-hayyim, de Hayyim b. Yosef Vital 1r-16v (segunda foliación) y 1r-191v (tercera foliación)</subfield></datafield><datafield tag="541" ind1=" " ind2=" "><subfield code="a">Procedencia: Desconocida</subfield></datafield><datafield tag="546" ind1=" " ind2=" "><subfield code="a">Hebreo</subfield><subfield code="b">Escritura hebrea sefardí semi-cursiva</subfield></datafield><datafield tag="563" ind1=" " ind2=" "><subfield code="a">Enc. en piel granate sobre pasta, grabado en forma de marco con detalles en las esquinas y motivo floral en el centro, lomo de 3 nervios; s- XIX</subfield></datafield><datafield tag="650" ind1=" " ind2="7"><subfield code="a">Cábala.</subfield><subfield code="2">CSICAU</subfield></datafield><datafield tag="650" ind1=" " ind2="7"><subfield code="a">Misticismo</subfield><subfield code="x">Judaísmo.</subfield><subfield code="2">CSICAU</subfield></datafield><datafield tag="650" ind1=" " ind2="7"><subfield code="a">Manuscritos hebreos.</subfield><subfield code="2">CSICAU</subfield></datafield><datafield tag="740" ind1="0" ind2=" "><subfield code="a">Etz ha-hayyim</subfield></datafield><datafield tag="830" ind1=" " ind2="0"><subfield code="a">Manuscripta</subfield></datafield><datafield tag="856" ind1="4" ind2="1"><subfield code="u">http://aleph.csic.es/imagenes/mad01/0006_PMSC/P_001220895_637239_V00.pdf</subfield><subfield code="z">Descargar Pdf completo (25M)</subfield><subfield code="m">CSIC</subfield></datafield><datafield tag="856" ind1="4" ind2="1"><subfield code="u">http://simurg.bibliotecas.csic.es/viewer/image/CSIC001220895/1/</subfield><subfield code="z">Ver texto completo en SIMURG, el portal de fondos digitalizados del CSIC</subfield><subfield code="m">CSIC</subfield></datafield><datafield tag="856" ind1="4" ind2="1"><subfield code="u">http://aleph.csic.es/imagenes/mad01/0006_PMSC/html/001220895.html</subfield><subfield code="z">Ver texto completo en Bookreader</subfield></datafield></record></metadata></record>